@article{du2019dimensionality,
  title={Dimensionality reduction techniques for visualizing morphometric data: Comparing principal component analysis to nonlinear methods},
  author={Du, Trina Y},
  journal={Evolutionary Biology},
  volume={46},
  number={1},
  pages={106--121},
  year={2019},
  publisher={Springer}
}

@article{hinton2002stochastic,
  title={Stochastic neighbor embedding},
  author={Hinton, Geoffrey E and Roweis, Sam},
  journal={Advances in neural information processing systems},
  volume={15},
  year={2002}
}

@article{van2008visualizing,
  title={Visualizing data using t-SNE.},
  author={Van der Maaten, Laurens and Hinton, Geoffrey},
  journal={Journal of machine learning research},
  volume={9},
  number={11},
  year={2008}
}

@article{mcinnes2018umap,
  title={Umap: Uniform manifold approximation and projection for dimension reduction},
  author={McInnes, Leland and Healy, John and Melville, James},
  journal={arXiv preprint arXiv:1802.03426},
  year={2018}
}

